2992 4910
187 270 335 388 47

233 470 289 536 iri.
329 466 431 533 Fuere
441 463 579 548 accidit,
600 467 924 552 nteoipeutempore
942 463 1209 533 Thaidieamatar
1229 472 1393 534 miieeee-

235 563 285 620 eet
295 551 423 618 Rhodie
444 553 516 638 qui,
537 553 650 616 harum
665 553 802 616 cranium
816 571 925 616 rerum
938 551 1074 628 hucirre,
1086 549 1283 643 Pamphilam
1302 557 1395 636 emit,

140 714 143 735 1
208 681 212 699 »
234 649 272 706 ut
287 648 386 716 eeeet,
408 637 491 723 quad
505 641 643 712 amicae,
673 637 819 700 Athenae
837 655 1001 717 recereue,
1029 635 1234 704 denudaret.
1264 639 1394 716 Thais,

233 727 378 809 prosecta
395 727 514 797 milite,
543 725 642 786 eliam
670 720 882 786 conditionem
907 718 1106 805 quaerimur,
1134 721 1395 808 adiuaeermque

235 810 299 874 eihi
320 808 530 887 Phaedriam,
568 805 802 870 adolescentem
824 808 1070 884 Atheniensem,
1106 798 1258 872 hachetr'e
1267 811 1391 892 fllium.

235 893 444 958 laaudiverat
467 893 593 955 iuterim
613 893 711 954 eliam
733 891 854 974 aliquid
877 891 918 953 de
940 889 1129 974 Pamphila,·
1171 895 1394 978 iamquecuae

227 983 341 1062 sratre
363 979 461 1062 ipeiue
480 977 643 1040 Chremele
664 978 834 1058 aliquoties
856 978 1029 1053 collecata,
1058 997 1095 1038 ec
1114 988 1323 1060 peruenerat,
1351 975 1394 1044 ut

235 1086 299 1130 nan
317 1065 421 1127 ‹luhiie
438 1061 566 1124 indicite
580 1063 788 1143 intelligeret,
810 1081 954 1124 carerem
965 1063 1055 1124 illiue
1070 1082 1156 1137 eece,
1181 1085 1267 1145 quae
1280 1084 1392 1128 recum
1488 1075 1489 1080 ’

145 1173 148 1190 ·
236 1153 270 1212 in
284 1149 436 1212 maternie
456 1145 588 1209 acdihue
612 1146 748 1209 educata
761 1149 864 1226 seret.
910 1143 1116 1228 summepere
1130 1147 1274 1231 cupiebat
1288 1151 1393 1232 igitra·

237 1236 436 1298 accaeieuem
454 1232 517 1296 eihi
534 1233 676 1314 aliquam
695 1230 785 1306 dari,
817 1251 880 1316 qua
891 1229 1090 1314 Pamphilam
1112 1235 1179 1294 euie
1194 1237 1394 1312 reetilueret,

237 1319 408 1399 eademque
425 1319 518 1398 sacta
541 1323 573 1378 et
587 1318 728 1398 puellam
741 1337 862 1378 summa
878 1318 1022 1398 afficeret
1033 1315 1192 1399 beneficia,
1214 1327 1245 1380 et
1254 1322 1394 1402 propin-

237 1424 368 1488 quarum
379 1403 468 1466 illiue
477 1403 624 1464 'amicitia
631 1403 787 1482 fortunae
800 1401 1018 1464 constabiliret
1036 1421 1120 1466 cuae.
1162 1403 1262 1466 Redit
1278 1407 1394 1467 mitae.-

236 1488 294 1560 eed
319 1507 414 1570 quum
439 1493 604 1569 ecgnoeeet
627 1483 669 1550 de
692 1505 799 1549 amare
818 1483 1013 1558 Phaedriae,
1034 1490 1181 1569 puellam
1195 1509 1250 1568 ee,
1276 1489 1340 1552 niei
1352 1509 1394 1552 ea

236 1573 383 1656 repulsa,
404 1568 555 1634 daturum
568 1579 675 1654 negat.
722 1569 837 1647 Thaie,
860 1569 939 1654 quid
955 1579 1083 1652 ageret,
1106 1573 1250 1650 neecire:
1272 1593 1345 1635 narn
1359 1581 1404 1636 et‘
1488 1579 1489 1588 ’

236 1655 430 1721 Phaedriam
449 1656 575 1718 amabat
595 1676 636 1717 ec
655 1657 773 1732 anima,
811 1665 842 1718 et
858 1655 1043 1738 Pamphilae
1064 1655 1269 1740 recipiendae
1279 1659 1395 1740 gratia

232 1741 362 1828 ,quidvie
374 1738 632 1824 eihisaciendum
639 1740 793 1822 prdahat:
807 1739 946 1815 tandem,
961 1730 1054 1824 quu‘m
1062 1750 1218 1824 operaret,
1230 1764 1265 1805 ee
1274 1752 1395 1826 paetea
1488 1799 1489 1802 ,

171 1894 174 1906 ,
229 1829 334 1910 facile
357 1828 521 1890 eanedium
539 1846 631 1890 cuum
651 1826 685 1888 ei
701 1828 778 1908 ipei,
807 1827 897 1890 cuiue
909 1828 1049 1888 nmmum
1065 1827 1257 1910 offenderat,
1275 1828 1395 1910 prela·

238 1907 592 1986 turamrPhaedrim
610 1919 646 1974 ut
657 1912 754 1972 militi
770 1913 1020 1994 gratificaretur,
1035 1910 1186 1977 excludit.
1227 1910 1394 1986 Paetridie
1488 1917 1489 1936 ¹

238 1997 392 2062 areeeeita
405 1999 451 2075 ei,
473 2005 570 2079 atque
585 2016 683 2079 aegre
691 1998 835 2076 serenti,
866 1995 1192 2080 tandemeepurgct,
1222 1999 1394 2080 mrdtieque
1488 1997 1489 2050 ἐ

232 2084 385 2168 precihue
399 2081 437 2144 ab
454 2103 491 2144 ea
508 2083 674 2164 impetrat,
695 2089 749 2170 ut,
765 2101 829 2163 per
844 2079 990 2155 liduum,
1009 2084 1135 2163 pricree
1148 2091 1260 2164 parter
1273 2083 1395 2146 hahere
1488 2143 1489 2148 ,

241 2167 585 2230 Thermenemeineret:
598 2165 796 2247 aliprimum
810 2167 978 2248 eripuieeet
1014 2169 1142 2240 uellam,
1156 2167 1306 2230 nihileili
1318 2187 1394 2230 cum
1488 2149 1489 2178 ¹

237 2256 294 2317 illa
307 2255 442 2336 ampliue
450 2254 539 2334 sere.
583 2247 758 2327 Phaedria,
790 2259 825 2311 ut
840 2251 934 2312 huiue
948 2249 981 2310 hi
1002 2252 1037 2312 ui
1049 2252 1223 2314 meteetiam
1241 2253 1394 2335 aequiore

238 2341 343 2402 anime
357 2340 486 2418 ferret,
516 2356 574 2399 rue
596 2336 659 2398 eihi
681 2334 859 2397 abeundum
884 2355 953 2397 eeee
981 2337 1116 2397 etatuite
1150 2337 1258 2420 itaque
1284 2337 1393 2399 aliene
1474 2329 1479 2338 '

227 2423 369 2496 ,mandat
383 2419 592 2495 Pammeni,
614 2427 649 2483 ut
664 2420 840 2503 eunuchum
857 2427 887 2482 et
900 2420 1136 2502 Aethiopieeam
1161 2421 1205 2484 ad
1226 2421 1393 2496 Thaidem,

241 2513 294 2572 cui
311 2530 365 2571 eae
379 2516 516 2584 emerat,
537 2505 677 2568 duceret.
721 2503 933 2587 Pamphilam,
967 2527 1060 2588 quum
1083 2527 1124 2568 er
1144 2505 1274 2570 aedihue
1290 2507 1394 2568 Thra-
1488 2533 1489 2548 ,

240 2597 329 2656 eenie
352 2593 395 2655 ad
426 2592 579 2655 Thaidem
602 2590 832 2668 deduceretur,
864 2594 1066 2674 tenepiectue
1087 2592 1121 2653 in
1143 2593 1194 2653 cia
1211 2590 1395 2654 Phaedriae
1488 2641 1489 2656 ,

231 2682 344 2761 frater
362 2683 440 2740 natu
461 2677 564 2739 minor
581 2676 740 2756 Chaerea,
768 2679 815 2738 ita
830 2676 898 2738 eiue
911 2695 1022 2738 amare
1030 2679 1184 2758 flagrare
1201 2678 1318 2760 caepit,
1341 2679 1395 2738 ni·
1488 2671 1489 2692 ¹

240 2765 287 2827 hil
300 2764 439 2844 alpensi
454 2763 600 2835 haberet,
628 2759 703 2824 dam
727 2783 767 2823 ec
784 2763 965 2842 patiretur.-
984 2764 1191 2845 nequepriue
1205 2762 1395 2844 conquievit,

242 2869 354 2933 meam,
385 2848 454 2910 eiue
475 2850 527 2909 rei
545 2865 658 2922 cauea,
689 2845 734 2906 cd
751 2845 904 2908 Thaidem
922 2867 986 2929 pra
1004 2847 1147 2908 eunucha
1163 2845 1318 2910 deductae
1333 2854 1395 2909 eet.

244 2931 460 3016 Quidplure?
486 2930 605 2992 Thaide
618 2929 664 2990 ud
675 2950 805 2994 caenam
827 2950 897 2993 cum
919 2933 1022 2994 milite
1041 2934 1207 3014 prosecta,
1234 2933 1356 3014 uirgini
1372 2953 1396 2994 a

244 3017 388 3080 Chaerea
407 3035 469 3102 per
490 3018 554 3078 uim
579 3015 689 3076 citium
713 3019 858 3102 effertur.
909 3015 1033 3078 Turbae
1056 3016 1139 3078 uadi
1156 3037 1196 3079 ue
1219 3017 1395 3096 mirabiles,

242 3103 361 3187 denec,
391 3110 459 3164 tcta
480 3121 518 3165 re
532 3101 716 3185 patefacta,
750 3101 844 3162 Thar'e
864 3121 885 3163 a
902 3100 1043 3164 Lachete
1058 3039 1201 3184 infidem
1219 3110 1250 3164 et
1263 3104 1396 3166 cliente·

243 3193 312 3252 lam
337 3189 496 3272 recipitur.
525 3184 694 3252 ,Chaerea
729 3189 872 3268 agnitam
901 3185 1099 3272 Pamphilam
1129 3186 1217 3250 ducit
1249 3207 1395 3258 ureretu-

246 3275 369 3336 Thrase
391 3271 449 3335 diu
467 3272 595 3348 illucue,
616 3268 743 3332 tandem
755 3273 799 3332 ,ia
820 3272 936 3334 amarie
957 3271 1134 3336 meretricii
1143 3279 1285 3358 partem,
1308 3273 1397 3337 Gaa-

151 3431 156 3456 ι
244 3361 349 3424 theate
363 3359 505 3443 parasiti
524 3375 637 3442 operm
665 3353 853 3424 admittitur.
1247 3368 1252 3376 '

600 3729 1038 3755 w
