2966 4910
1262 321 1286 386 6

96 461 162 528 «1
194 461 366 528 δύιιωιωη
392 463 501 538 osnstc
531 481 604 529 cum
630 485 669 530 eo
694 457 857 549 negotium
886 455 1029 548 sufficit(
1061 463 1167 530 inscio
1188 463 1280 528 Pom-

94 549 207 634 piss'to
239 549 282 612 de
311 551 475 614 communi
498 567 608 614 sertem
636 553 794 615 sententia
819 549 988 632 faciundis
1015 553 1134 633 nuptiis
1163 554 1279 613 consti-

99 637 231 698 tuitur
252 634 331 698 dies.
374 633 492 697 Adisuc
512 637 588 698 isosc
614 645 723 712 eram,
758 657 853 722 quum
885 635 1015 718 Odrysis
1041 637 1185 698 moritur.
1228 637 1280 698 tot

99 722 265 802 pressum
285 719 374 783 Simo
395 719 437 782 de
455 720 524 803 sitii
542 741 649 804 amem
676 725 830 806 cognocet.
873 719 1078 802 Numquam
1099 720 1188 783 ambo
1209 727 1275 784 uno
1365 729 1366 734 ’

103 806 151 865 in
174 807 291 885 funus
315 804 527 890 prodiissent,
558 805 689 883 occidit,
718 815 756 869 ut
777 807 886 890 posita
916 806 1076 896 inignem
1109 804 1274 886 Chryside,

106 889 314 972 Glycerium
339 911 376 954 ss
391 909 472 972 prae
494 889 611 953 doloris
632 893 829 976 inpatientia
848 889 958 954 ecdem
982 891 1164 952 coniectura
1186 889 1286 954 esde-¹

104 985 230 1037 retur.
287 974 445 1038 Adcurrit
473 974 670 1058 Pamphilus,
704 997 836 1060 eamque
864 975 999 1040 mediam
1033 975 1194 1058 ampienus
1225 977 1296 1038 ita·

107 1062 289 1122 causatori
316 1061 433 1144 coepit,
461 1067 498 1122 stt
512 1062 669 1144 plurimas
690 1065 876 1144 minansque
898 1059 1012 1122 dubios
1038 1061 1210 1123 totius⁸rei
1226 1063 1271 1122 si-

107 1147 347 1228 gnificationes
365 1145 466 1208 duret.
510 1147 624 1228 Itaque
644 1149 730 1210 const
755 1147 798 1208 ad
818 1145 977 1208 Sicuonem
991 1144 1152 1229 postridie
1175 1144 1270 1208 cors-
1301 1213 1304 1220 ,

14 1306 19 1320 υ
109 1249 216 1302 seses,·
255 1229 462 1293 cmtotcmm
489 1231 675 1293 renuntiat.-
713 1234 903 1314 comperisse
923 1249 974 1305 ss,
988 1241 990 1248 ’
1003 1229 1197 1312 Pamphilum
1213 1247 1298 1314 pes

108 1315 291 1396 regressam
318 1315 401 1376 silam
427 1315 543 1378 isabew
571 1317 604 1378 im
630 1319 742 1379 usmis
767 1318 855 1390 loco,·
889 1316 1015 1378 nescius
1043 1335 1085 1378 ee
1105 1335 1142 1378 se
1161 1323 1270 1378 numu

6 1436 8 1483 g
113 1420 199 1461 esse
220 1419 307 1475 eom,
337 1420 429 1482 quom
450 1403 496 1462 ito
517 1403 723 1464 contumeliae
744 1421 841 1464 carisa
857 1402 1061 1484 peregrinam
1082 1401 1268 1465 nominaret.

116 1484 296 1560 Gmsdere,
326 1505 366 1546 ea
386 1505 423 1547 re
444 1487 617 1559 intellecto,
639 1486 837 1570 Pamphilum
866 1485 973 1550 dolere
994 1494 1105 1549 contra
1125 1505 1164 1548 ac
1183 1486 1273 1569 nugs

119 1565 224 1632 Simo.
267 1569 407 1632 Advenit
428 1573 551 1633 interea
571 1569 657 1647 dies,
685 1572 742 1654 qui
759 1569 878 1656 nuptiis
899 1572 989 1633 initio
998 1573 1114 1653 suerat
1129 1571 1269 1653 praesti-

120 1659 224 1716 tutus.
267 1653 372 1730 Simo,
399 1656 594 1718 veteratorie
623 1656 759 1738 quadam
778 1656 966 1730 calliditate,
996 1655 1189 1718 simuiwsdas
1208 1655 1273 1718 sibi
1394 1683 1396 1692 ‚

117 1738 166 1800 ad
184 1739 433 1822 pertentandum
443 1741 511 1824 filii
529 1742 667 1802 (mimum
687 1743 814 1824 nuptias
835 1743 967 1804 statuit.-
988 1741 1046 1802 isoc
1062 1743 1214 1824 cogitans,
1235 1741 1268 1803 si
1301 1791 1304 1805 .

11 1832 14 1887 ἶ
114 1823 275 1887 abnueret
299 1826 411 1906 fitius,
454 1845 562 1888 ceram
594 1825 656 1887 sihi
684 1827 874 1908 ooisugandi
900 1827 983 1888 iltius
1010 1845 1155 1888 caussam
1174 1829 1265 1908 sors,

12 1971 13 1988 ,
115 1929 204 1992 quas
226 1909 269 1971 ad
290 1931 361 1972 eum
384 1909 466 1972 diem
487 1911 572 1972 nullo
592 1911 672 1972 sotis
690 1911 775 1973 iusto
784 1911 923 1992 fuerat:
952 1911 1003 1972 sin
1023 1919 1193 1986 concuret,
1206 1911 1265 1992 sa·

12 1998 13 2009 ¹
115 1995 180 2056 os'te
200 2015 247 2069 se,
269 1995 353 2083 quad
374 1997 474 2070 veltet,
493 2015 514 2056 a
531 1994 693 2058 Glsremete
712 1998 966 2079 impetraturum,
988 2003 1082 2080 atque
1103 1997 1149 2056 ito
1169 2015 1263 2058 ceras

113 2081 249 2161 nuptias
271 2079 332 2142 diis
354 2080 572 2142 adiuvantibus
592 2083 714 2160 factum
735 2082 785 2142 iri.
828 2079 1032 2144 Praeterieris
1054 2082 1154 2164 igitur
1176 2079 1263 2164 aput

13 2215 14 2232 t
106 2166 243 2245 sorum,
280 2185 394 2230 semera
414 2167 476 2226 iam
498 2173 530 2228 et
550 2167 628 2228 nituit
647 2167 711 2230 tate
731 2168 885 2228 metuenti
899 2167 983 2245 fitia,
1011 2165 1187 2248 Pampiu'ie,
1214 2166 1262 2230 in-

113 2251 206 2332 quit,
240 2251 294 2312 aii
321 2250 462 2325 domum,
500 2271 539 2313 ao
563 2251 641 2313 deos
667 2271 885 2334 comprecore5
921 2270 1005 2312 usar
1031 2251 1090 2312 tibi
1115 2249 1262 2313 ducendo

113 2333 215 2396 isodie
238 2343 295 2400 est·
336 2335 408 2397 Hoc
430 2336 528 2412 dic'to,
557 2337 640 2398 uelut
660 2337 829 2418 improviso
848 2334 982 2420 quodam
999 2337 1117 2411 iaculo,
1138 2335 1262 2397 saucio·

114 2427 171 2510 tus
196 2421 397 2498 adolescent,
421 2421 496 2504 quid
515 2429 626 2502 ageret
646 2429 703 2483 aut
724 2421 799 2504 quid
826 2420 951 2483 consilii
972 2428 1117 2504 caperet,
1139 2421 1260 2482 nescie-

10 2532 12 2545 ⁴
113 2505 194 2578 iat,-
233 2527 327 2588 quum
353 2504 397 2567 ad
421 2527 492 2569 eum
511 2506 636 2580 Dacus,
662 2508 757 2588 cairo
779 2504 946 2568 admodum
967 2525 1005 2567 ac
1025 2513 1153 2568 versuto
1172 2505 1260 2587 ing&

112 2592 171 2652 nio
194 2611 315 2665 servus,
339 2591 560 2654 animadverso
575 2593 660 2653 senis
674 2593 802 2666 astutia,
821 2590 970 2653 accurrit.
1013 2591 1180 2652 Erotium
1194 2609 1259 2651 una

115 2696 192 2738 curn
216 2675 376 2758 Pamphila
402 2674 576 2751 Cicurinus,
604 2677 661 2760 qui
686 2675 867 2739 adolescens
889 2676 970 2738 miro
996 2674 1132 2759 quodam
1150 2693 1259 2738 amare

115 2759 324 2822 Ptn'iumcmae
343 2762 506 2840 incensus,
528 2763 662 2843 frustra
682 2781 776 2842 saepe
799 2761 928 2826 tentatis
951 2761 1033 2822 iliius
1053 2761 1186 2845 nuptiis,
1214 2759 1259 2822 od

109 2853 313 2928 postremum
327 2845 427 2923 audit,
452 2866 523 2907 eam
543 2867 580 2909 eo
596 2846 649 2908 die
664 2853 833 2928 nupturam
853 2846 1024 2928 Pamphilo,
1054 2847 1087 2906 in
1106 2865 1260 2908 summam

4 2939 20 2964 *
116 2929 378 3012 desperationem
395 2931 568 3012 adductus,
596 2953 667 2994 eum
692 2932 818 3008 orabat,
837 2933 869 2992 si
888 2932 1008 2993 saluum
1032 2950 1068 2992 se
1090 2931 1201 3010 ceiiet,
1222 2937 1260 2992 ut

117 3017 255 3076 aciemn
270 3036 310 3078 ne
328 3016 475 3091 duceret,
498 3019 548 3080 aet
572 3020 684 3079 saitem
704 3018 821 3099 nuptiis
845 3015 914 3078 dies
931 3015 1047 3098 aliquot
1061 3015 1262 3098 produceret.

117 3097 304 3182 Pamphilus
324 3121 396 3163 sum
421 3121 481 3163 suo
503 3102 629 3184 quidem
644 3121 757 3164 caussa
778 3101 856 3162 tono
878 3120 949 3164 esse
963 3103 1066 3183 estimo
1086 3109 1181 3183 atque
1196 3121 1261 3162 om-

116 3185 175 3246 nio
195 3183 238 3246 od
258 3185 473 3270 imediendas
492 3189 618 3270 nuptias
636 3187 742 3249 metiri
757 3186 901 3248 iubebat:
930 3205 984 3259 se,
1012 3195 1163 3269 quantum
1178 3187 1212 3248 iu
1225 3204 1263 3250 ss

117 3276 222 3344 esset,
292 3279 452 3350 ecturum,
483 3279 521 3332 ut
546 3293 587 3334 ne
612 3271 748 3334 daretur
771 3271 838 3332 sibi.
881 3270 1080 3346 Adveniens,
1116 3278 1152 3332 ut
1183 3269 1263 3345 tut

116 3354 230 3416 Dacus
272 3355 435 3430 horinum,
465 3357 533 3419 iam
555 3358 626 3440 spei
636 3359 784 3440 pienum,
811 3357 899 3418 obire
919 3354 962 3417 ad
983 3353 1164 3418 ambiendos
1176 3355 1264 3418 senis

116 3439 237 3502 muscos
257 3441 362 3503 iubet.-
404 3440 520 3504 deiude
538 3461 683 3506 seorsum
697 3441 861 3526 Pompisito
880 3441 1078 3502 coniecturas
1093 3459 1169 3503 suae
1190 3460 1264 3523 epse

0 3563 1 3566 =
116 3525 177 3599 rit,
211 3525 466 3608 persuadetque,
500 3535 536 3589 ut
550 3528 646 3610 patri
666 3527 770 3603 dicat,
801 3533 1002 3608 separatum
1028 3545 1101 3588 esse
1130 3545 1265 3588 uxorem

117 3609 237 3672 ducere
242 3633 257 3682 ‚·
278 3629 351 3672 nam
373 3630 411 3672 eo
430 3619 540 3694 pacto,
560 3614 678 3696 iuquit,
700 3620 732 3674 et
746 3613 839 3695 patri
857 3629 979 3672 omnem
1002 3610 1193 3693 obiurgandi
1212 3629 1265 3673 oc·

117 3696 275 3758 casionem
296 3695 514 3779 praecideris,
535 3705 567 3760 et
588 3717 652 3760 non
672 3699 734 3760 erit
754 3706 859 3758 tamen
880 3695 1061 3772 verendum,
1082 3713 1123 3758 ne
1137 3697 1266 3777 nuptiae

117 3783 218 3854 fiant.-
253 3801 416 3864 nunquam
445 3783 528 3844 enim
554 3781 702 3846 Chremes
723 3781 795 3854 tibi,
830 3775 928 3843 semel
943 3779 1133 3863 repudiato,
1157 3781 1266 3863 filiam

115 3885 205 3928 mam
238 3867 356 3930 iterum
387 3869 612 3930 commissurus
641 3875 700 3930 est.
754 3866 849 3929 Haec
873 3867 921 3928 ito
954 3865 996 3927 de
1026 3867 1112 3927 serui
1137 3865 1268 3928 consitio

119 3959 188 4014 osto
208 3951 301 4036 louge
318 3953 413 4015 aliter
436 3951 582 4015 cecidere
596 3973 634 4014 ao
643 3951 854 4035 putabanturc
883 3957 997 4012 euocat
1015 3951 1098 4013 enim
1120 3949 1267 4011 Eturam-

120 4046 179 4100 tsm
201 4035 299 4101 Simo.
343 4037 399 4099 Ito
421 4056 476 4110 res
502 4039 537 4100 in
563 4057 712 4100 aerarum
738 4036 922 4118 nuptiarum
945 4034 1116 4098 discrimen
1138 4033 1270 4096 adduci-

8 4176 16 4196 ,
123 4129 178 4186 tur.
215 4123 320 4188 Forte
334 4141 381 4196 eo,
393 4123 463 4203 ipso
477 4121 531 4184 die
553 4123 752 4205 Glycerium,
773 4123 894 4184 exactis
910 4121 1117 4203 temporibus,
1136 4136 1271 4202 puerum

119 4213 252 4292 peperitc
289 4229 366 4272 eum
387 4227 524 4288 puerum
544 4207 669 4282 Dacus,
700 4227 795 4290 quum
817 4207 915 4268 aliter
934 4206 1061 4288 nuptias
1086 4202 1270 4266 disturbare

123 4313 175 4361 non
187 4303 321 4386 posset,
355 4293 587 4376 praeforibus
609 4291 739 4360 aedium
758 4289 961 4356 Simonisai
983 4288 1269 4357 onciitocattccon·
1348 4353 1351 4360 κ
