2964 4914
1254 321 1275 385 5

134 477 290 556 pendeo·
308 467 458 544 vanu„
473 465 592 542 nedum
618 475 655 530 tu
682 476 714 532 te
742 487 871 541 cenceae
906 469 998 534 oneri
1024 468 1165 552 sorenoo
1188 457 1276 552 sore,

130 558 219 620 cite
246 555 476 635 ittiperpetuo
505 551 678 634 curantibus
706 551 906 634 suppeditare
933 562 1084 638 oporteat.
1135 553 1221 630 aum
1240 564 1276 617 tu
1378 596 1381 604 ·

130 643 180 712 ita
197 639 438 722 potineagitoe
467 636 603 703 humane
625 635 752 720 quidem
781 645 812 699 et
841 642 974 703 comiter
995 640 1132 720 excipito
1145 641 1283 722 fitiume

130 723 219 791 ietad
238 731 345 789 tamen
365 730 432 787 tam
458 722 612 804 impotem
639 723 728 787 ittiue
754 720 947 796 desiderium
967 723 1122 786 coendum
1143 723 1277 798 habeto:¹

130 819 200 890 tum
227 811 257 886 ei
285 809 356 880 dte,
385 805 471 888 quod
500 807 619 880 amicae
648 804 719 881 det,
747 814 783 868 ut
813 807 944 883 trahem,
964 808 1142 870 machinam
1163 807 1275 871 adoer-

130 913 202 956 eum
218 899 264 954 'te
292 894 431 972 utiquam
458 898 577 970 etruet,
601 890 684 972 satu
705 899 738 954 te
764 891 881 954 cinito.-
911 894 959 954 ita
988 900 1019 956 et
1050 913 1121 962 eum
1134 911 1276 954 commc-

131 977 204 1040 diue
231 977 383 1040 retinebis
411 974 497 1058 apud
526 984 579 1050 te,
614 983 646 1038 et
673 985 850 1056 cumptuum
878 977 987 1058 socier
1013 977 1126 1038 minue.
1181 976 1276 1040 Haeo

133 1061 301 1136 Chremen,
328 1061 456 1123 neeciue
490 1055 548 1145 (ut
570 1067 644 1122 eunt
664 1056 825 1145 hnmana)
857 1063 1016 1124 oculatum
1026 1061 1115 1142 sarie
1139 1081 1209 1126 ecee
1229 1082 1274 1141 ee,

130 1167 259 1210 coecum
280 1145 374 1209 domi.
423 1143 554 1209 Interea
582 1147 667 1207 enim
693 1142 904 1208 meditabatur
934 1144 1056 1228 Syrus,
1084 1141 1193 1239 decem
1217 1149 1275 1209 mi-

128 1251 207 1306 nae,
231 1250 310 1313 quae
337 1228 499 1293 Bacchidi
516 1229 679 1313 pollicitae
709 1237 779 1292 erat
806 1228 901 1310 dare,
929 1250 986 1294 eae
1014 1229 1167 1313 monendo
1188 1231 1235 1293 itti
1254 1251 1275 1294 a

131 1315 298 1380 (thremate
324 1317 392 1400 ipen
414 1317 603 1390 conticeret:
622 1314 745 1396 iamque
766 1313 845 1377 inihi
865 1323 955 1392 erat,
977 1335 1071 1397 quum
1091 1335 1162 1376 eum
1180 1315 1275 1378 Chre-

129 1421 198 1464 mer
238 1409 400 1484 arreptum
420 1397 542 1484 shtande
570 1400 760 1482 compellat,
797 1399 1020 1483 hortaturque,
1063 1399 1198 1482 aliquam
1231 1400 1275 1462 od

129 1484 353 1550 Menedemum
371 1485 542 1569 fallaciam
569 1483 726 1547 mohmur.
790 1479 905 1550 Inieoit
936 1487 970 1548 iu
998 1503 1141 1548 eermone
1170 1483 1274 1568 syrus

129 1571 332 1633 mendacium
358 1591 379 1633 a
411 1589 448 1632 ee
472 1588 533 1650 pro
560 1576 623 1633 tam
644 1577 701 1632 tre
722 1570 911 1649 corciictume
948 1589 1042 1632 antem
1066 1567 1288 1646 Corinthiam.

129 1654 317 1738 Antiphilou
338 1651 410 1738 (ita
430 1655 514 1726 euim
530 1589 728 1740 pandatur)
756 1661 909 1730 matrem,
935 1655 1023 1718 mitte
1051 1652 1274 1718 drachmarum

130 1749 240 1804 mutua
260 1741 418 1823 aecepioee
444 1757 466 1800 a
489 1735 673 1803 Bacchide:
703 1757 742 1802 en
768 1747 912 1816 mortua,
933 1739 1074 1821 pueliam
1096 1756 1159 1822 pro
1175 1759 1274 1822 pocu-

129 1827 186 1888 nia
218 1825 270 1886 itta
299 1823 472 1886 arrhaboni
494 1823 646 1885 relictam.
701 1821 788 1884 Itum
818 1822 896 1885 haec
923 1831 1086 1904 aguntur,
1120 1827 1275 1888 annulum

130 1929 222 1972 enum
258 1910 386 1990 agnovit
425 1905 599 1981 Sostrata,
633 1907 764 1990 eiu-eque
799 1906 919 1970 indicio
948 1907 1143 1990 Antiphilam
1166 1909 1274 1992 filiam

130 2013 222 2056 auum
250 2013 319 2057 eree
346 1995 500 2076 cognovit.
553 1989 678 2054 amatio
700 1991 847 2054 hadtiene
874 2011 995 2058 autumn
1015 2011 1083 2058 cern
1104 1992 1209 2078 defert
1228 1992 1273 2061 ed

129 2080 251 2154 cirum3
274 2081 343 2162 qui,
372 2097 411 2152 ea
438 2077 546 2140 leniter
574 2075 759 2158 ottmgua,
786 2075 823 2138 oh
848 2085 1006 2160 repertam
1035 2085 1141 2144 tamen
1160 2077 1273 2160 fitium

130 2163 199 2247 ipee
232 2183 355 2248 quoqem
388 2163 519 2244 gcoieue
548 2167 605 2224 eet.
659 2160 731 2224 lam
759 2160 863 2224 omnia
887 2161 926 2222 in
962 2161 1130 2243 tranquitto
1159 2169 1271 2236 erant,-

133 2247 257 2332 ohequc
276 2245 438 2310 Bacchide
463 2247 592 2329 suimet.
651 2243 778 2311 Sedet
806 2247 853 2309 itti
878 2266 1001 2329 quoquo
1035 2243 1131 2309 modo
1165 2245 1272 2309 decem
1358 2277 1361 2284 ,

126 2329 335 2396 eacudendce
364 2339 456 2396 eraut
484 2331 610 2412 argenti
636 2331 757 2409 minae,
784 2338 815 2394 et
839 2330 1015 2414 periculum
1044 2337 1131 2403 erat,
1152 2353 1192 2394 ue
1213 2331 1272 2392 ati-

131 2438 194 2501 qua
221 2439 290 2480 eam
314 2415 459 2480 thrernee
478 2415 544 2500 filii
579 2416 712 2478 amicam
739 2435 808 2480 eeee
836 2418 1027 2479 rescisceret.
1090 2413 1139 2478 Iti
1150 2415 1274 2496 ,cyrae
1339 2462 1343 2483 .

130 2501 241 2565 audes
262 2503 428 2565 conuitium
454 2502 530 2579 init,
576 2496 711 2565 uomodo
739 2507 770 2562 et
796 2501 921 2583 utrique
941 2501 1012 2562 oeni
1028 2519 1113 2579 rem,
1132 2508 1168 2563 ut
1189 2507 1270 2575 eret,

125 2589 340 2670 patefaceret,
366 2594 398 2649 et
424 2605 523 2652 comm
565 2603 644 2647 ere
670 2604 689 2646 c
715 2591 783 2650 tam
808 2583 960 2670 impedito
987 2587 1116 2668 negotio
1144 2583 1270 2668 capedi·
1393 2650 1397 2659 ¹

130 2679 190 2735 ret.
231 2671 374 2734 Primum
393 2672 493 2754 igitur
521 2669 693 2745 Chremeti,
719 2669 861 2752 Repeti,
889 2669 1007 2752 inquit,
1034 2667 1188 2752 quomodo
1217 2687 1270 2736 ar-

128 2763 259 2840 gentum
286 2777 306 2818 a
333 2755 519 2820 Menedemo
548 2755 706 2838 eripiam.-
734 2753 875 2816 dicemur
898 2755 950 2829 ei,
986 2753 1163 2822 Bochidem
1184 2754 1268 2816 hanc

129 2843 180 2906 tui
217 2841 401 2923 Clitiphonie
433 2842 570 2904 amicum
604 2857 701 2902 eree.-
745 2839 965 2922 arohimueque
1004 2849 1040 2904 ut
1075 2860 1146 2903 eam
1185 2837 1274 2904 domi

57 2978 60 2990 .
129 2947 209 2990 cuae
244 2925 313 2989 dieo
349 2925 468 3009 aliquot
504 2943 575 2986 cere
605 2924 783 3007 putarur5
817 2931 910 3008 teque
943 2921 979 2987 id
1014 2925 1149 2990 celatum
1185 2925 1270 2986 vetit.

129 3011 233 3075 Porro
262 3011 364 3074 (tinia
389 3011 483 3094 filiae
512 3015 603 3083 onae,
641 3028 723 3090 quae
748 3007 841 3071 modo
869 3015 999 3092 reperto
1025 3015 1099 3088 eet,
1125 3011 1270 3089 sormam
1374 3083 1380 3094 ι

129 3096 192 3160 eihi
219 3095 433 3178 complacitam
462 3113 532 3158 ecee
561 3092 663 3168 dicet,
700 3114 831 3178 eamque
869 3101 957 3177 petet
985 3113 1125 3157 uectem
1184 3090 1270 3168 Quid

129 3182 228 3244 tum?
268 3180 456 3263 pecuniam,
478 3181 603 3262 inquit,
622 3186 709 3261 petet
730 3199 752 3240 a
780 3187 875 3261 patre
894 3197 975 3252 ruo,
1002 3179 1058 3260 qui
1085 3195 1184 3238 nacae
1210 3195 1269 3236 nu·
1330 3229 1333 3242 ,

127 3274 204 3347 ptae
226 3274 412 3328 ornamento
435 3270 576 3328 coemat:
598 3283 668 3326 eom
682 3263 855 3345 ‘pecuniam
875 3270 1100 3328 numeraturue
1120 3268 1167 3322 eet
1183 3259 1270 3322 Boc·

132 3348 228 3412 chidi.
271 3349 342 3412 lom
365 3345 793 3424 coronamentorum,
828 3345 913 3428 Syri,
926 3345 1070 3420 hortatu,
1099 3344 1270 3408 tromierct

129 3435 288 3509 Bacchie,
317 3441 348 3496 et
378 3455 416 3496 eo
440 3452 591 3517 pompam
619 3451 742 3496 omnem
769 3453 860 3494 cuam
889 3430 1130 3498 transduxerat.
1175 3426 1270 3492 Chre-

129 3539 197 3582 mee
222 3519 327 3604 primo
354 3537 417 3580 non
444 3520 524 3580 eatie
545 3517 707 3580 comitium
736 3515 820 3580 ittud
843 3515 1008 3600 probaret
1037 3521 1071 3577 at
1094 3514 1183 3582 ittam
1204 3533 1271 3579 cer·

129 3613 181 3676 te,
208 3604 309 3686 inquit
331 3599 456 3684 Syrus,
482 3601 668 3685 pecuniam,
695 3621 842 3688 proquo
862 3599 1013 3682 foliatae
1035 3599 1177 3681 opposita
1201 3605 1271 3662 erat

123 3689 274 3772 pignori,
303 3689 378 3770 quin
415 3685 588 3761 dierolcae,
621 3687 738 3766 facere
772 3685 900 3748 honoete
934 3703 998 3746 uon
1034 3693 1133 3767 poteo.
1198 3681 1272 3766 Ego

128 3793 226 3851 cero,
255 3773 355 3855 inquit
380 3769 541 3849 Chreme,
571 3777 603 3832 et
630 3770 761 3833 libenter
790 3767 925 3852 quidem.
980 3765 1080 3832 Immo
1104 3786 1195 3846 cero,
1222 3769 1272 3832 in·

6 3898 18 3925 e
121 3859 169 3938 fit
197 3857 319 3940 Syrna,
350 3854 426 3920 dato
456 3877 526 3920 eum
552 3853 738 3938 Gtitiphoni‚
768 3854 823 3936 qm·
844 3853 887 3915 ad
910 3851 1104 3920 Bacchidem
1125 3848 1271 3934 deferat:

130 3943 176 4004 itu
209 3945 293 4008 enim
313 3941 445 4022 sucitiue
473 3935 581 4004 credet
611 3937 833 4012 Menedemum,
875 3957 946 4002 eom
973 3939 1058 4002 urm
1091 3957 1167 4000 eece.
1219 3933 1272 3997 Sit

129 4029 178 4090 ita
199 4030 287 4090 carre.
340 4025 542 4092 Numerntur
570 4033 709 4108 epatre
738 4021 906 4106 Otitiphoni
970 4024 1082 4098 cunia,
1109 4039 1204 4104 quam
1229 4017 1274 4080 ad

128 4115 329 4176 meretricem
356 4115 522 4196 perferret.
573 4109 703 4172 Intmeo
729 4115 798 4171 tota
825 4127 878 4170 ree
929 4109 1084 4192 etegitur:
1113 4103 1276 4186 indignari

132 4193 296 4277 Chremes,
317 4205 348 4262 et
360 4199 526 4280 tremere,
548 4204 579 4260 et
601 4194 742 4264 munuc
764 4214 800 4260 ee
822 4194 928 4262 ornain
948 4191 1148 4260 atrocissima
1169 4207 1273 4256 erom-
